<?xml version="1.0" encoding="UTF-8" ?>
<collection xmlns:xsi="http://www.w3.org/2001/XMLSchema-instance"
    xsi:schemaLocation="http://www.loc.gov/MARC21/slim
        http://www.loc.gov/standards/marcxml/schema/MARC21slim.xsd"
    xmlns="http://www.loc.gov/MARC21/slim">
<record>
  <leader>00272cam a2200529 ia4500</leader>
  <controlfield tag="001">b12519777</controlfield>
  <controlfield tag="003">LeBAU</controlfield>
  <controlfield tag="005">20181107</controlfield>
  <controlfield tag="008">970715s1937    ua            ||0 0 ara d</controlfield>
  <datafield tag="035" ind1=" " ind2=" ">
    <subfield code="a">ocm33109420 </subfield>
  </datafield>
  <datafield tag="040" ind1=" " ind2=" ">
    <subfield code="a">LEAUB</subfield>
    <subfield code="b">ara</subfield>
    <subfield code="e">rda</subfield>
    <subfield code="c">LEAUB</subfield>
    <subfield code="d">LEAUB</subfield>
  </datafield>
  <datafield tag="082" ind1="0" ind2="4">
    <subfield code="a">808</subfield>
    <subfield code="2">22</subfield>
  </datafield>
  <datafield tag="100" ind1="1" ind2=" ">
    <subfield code="6">880-01</subfield>
    <subfield code="a">Taftāzānī, Masʻūd ibn ʻUmar,</subfield>
    <subfield code="d">1322-1389,</subfield>
    <subfield code="e">author.</subfield>
  </datafield>
  <datafield tag="245" ind1="1" ind2="0">
    <subfield code="6">880-02</subfield>
    <subfield code="a">Shurūḥ al-Talkhīṣ :</subfield>
    <subfield code="b">wa-hiya mukhtaṣar al-ʻAllāmah Saʻd al-Dīn al-Taftāzānī ʻalá talkhīṣ al-Miftāḥ lil-Khaṭīb al-Qazwīni, wa-Mawāhib al-Fattāḥ fī Sharḥ Talkhīs al-Miftāh li-Ibn Yaʻqūb al-Maghribī, wa-ʻArūs al-Afrāḥ fī Sharḥ Talkhīs al-Miftāh li-Bahāʼ al-Dīn al-Subkī. Wa-qad wuḍiʻa bi-al-hāmish Kitāb al-Īḍāḥ li-mu’allif al-talkhīs jaʻalahu ka-al-sharḥ la-hu. Wa-ḥāshiyat al-Dasūqī ʻalá sharḥ al-Saʻd.</subfield>
  </datafield>
  <datafield tag="246" ind1="3" ind2="0">
    <subfield code="6">880-03</subfield>
    <subfield code="a">Kitāb al-Īḍāḥ</subfield>
  </datafield>
  <datafield tag="264" ind1=" " ind2="1">
    <subfield code="6">880-04</subfield>
    <subfield code="a">Miṣr :</subfield>
    <subfield code="b">Maṭbaʻat ʻĪsá al-Bābī al-Ḥalabī wa-Shurakāh,</subfield>
    <subfield code="c">1937.</subfield>
  </datafield>
  <datafield tag="300" ind1=" " ind2=" ">
    <subfield code="6">880-05</subfield>
    <subfield code="a">4 volumes ;</subfield>
    <subfield code="c">28 cm</subfield>
  </datafield>
  <datafield tag="336" ind1=" " ind2=" ">
    <subfield code="a">text</subfield>
    <subfield code="b">txt</subfield>
    <subfield code="2">rdacontent</subfield>
  </datafield>
  <datafield tag="337" ind1=" " ind2=" ">
    <subfield code="a">unmediated</subfield>
    <subfield code="b">n</subfield>
    <subfield code="2">rdamedia</subfield>
  </datafield>
  <datafield tag="338" ind1=" " ind2=" ">
    <subfield code="a">volume</subfield>
    <subfield code="b">nc</subfield>
    <subfield code="2">rdacarrier</subfield>
  </datafield>
  <datafield tag="500" ind1=" " ind2=" ">
    <subfield code="a">"تنبيه: قد بدأنا في صلب الصفحة بشرح السعد وثنينا بمواهب الفتاح وثلثنا بعروس الأفراح وصدرنا الهامش بالإيضاح وبعده حاشية الدسوقي."</subfield>
  </datafield>
  <datafield tag="500" ind1=" " ind2=" ">
    <subfield code="a">"ملاحظة: لما كانت هذه الشروح من أجل الشروح على تلخيص المفتاح صرف النفس والنفيس حتى جمعت من أقاصي البلدان وطبعت مرتبة ترتيباً بديعاً لم يسبق له نظير حيث جمعت كلها في صفحة واحدة مفصولاً بعضها عن بعض بجداول مع إتفاق أبحاثها."</subfield>
  </datafield>
  <datafield tag="650" ind1=" " ind2="4">
    <subfield code="a">اللغة العربية</subfield>
    <subfield code="x">البلاغة</subfield>
    <subfield code="v">أعمال قديمة حتى 1800.</subfield>
  </datafield>
  <datafield tag="650" ind1=" " ind2="0">
    <subfield code="a">Arabic language</subfield>
    <subfield code="x">Rhetoric</subfield>
    <subfield code="v">Early works to 1800.</subfield>
  </datafield>
  <datafield tag="700" ind1="1" ind2="2">
    <subfield code="6">880-06</subfield>
    <subfield code="a">Qazwīnī, Jalāl al-Dīn Muḥammad ibn ʻAbd al-Raḥmān,</subfield>
    <subfield code="d">1267 or 1268-1338.</subfield>
    <subfield code="t">Īḍāḥ.</subfield>
  </datafield>
  <datafield tag="700" ind1="1" ind2="2">
    <subfield code="6">880-07</subfield>
    <subfield code="a">Qazwīnī, Jalāl al-Dīn Muḥammad ibn ʻAbd al-Raḥmān,</subfield>
    <subfield code="d">1267 or 1268-1338.</subfield>
    <subfield code="t">Talkhīs al-Miftāh.</subfield>
  </datafield>
  <datafield tag="700" ind1="0" ind2="2">
    <subfield code="6">880-08</subfield>
    <subfield code="a">Ibn Yaʻqūb al-Maghribī,</subfield>
    <subfield code="d">-1716.</subfield>
    <subfield code="t">Mawāhib al-Fattāḥ fī Sharḥ Talkhīs al-Miftāh.</subfield>
  </datafield>
  <datafield tag="700" ind1="0" ind2="2">
    <subfield code="6">880-09</subfield>
    <subfield code="a">Bahāʼ al-Dīn al-Subkī,</subfield>
    <subfield code="d">1319-</subfield>
    <subfield code="t">ʻArūs al-Afrāḥ fī Sharḥ Talkhīs al-Miftāh.</subfield>
  </datafield>
  <datafield tag="700" ind1="1" ind2="2">
    <subfield code="6">880-10</subfield>
    <subfield code="a">Dasūqī, Muḥammad ibn Aḥmad ibn ʻArafah,</subfield>
    <subfield code="d">-1815.</subfield>
    <subfield code="t">Ḥāshīyah.</subfield>
  </datafield>
  <datafield tag="852" ind1=" " ind2=" ">
    <subfield code="a">Jafet Library</subfield>
    <subfield code="e">American University of Beirut, Bliss Street , Beirut, Lebanon.</subfield>
  </datafield>
  <datafield tag="880" ind1="1" ind2=" ">
    <subfield code="6">100-01/(3/r</subfield>
    <subfield code="a">التفتازاني، مسعود بن عمر،</subfield>
    <subfield code="d">1322-1389،</subfield>
    <subfield code="e">مؤلف. </subfield>
    <subfield code="4">aut.</subfield>
  </datafield>
  <datafield tag="880" ind1="1" ind2="0">
    <subfield code="6">245-02/(3/r</subfield>
    <subfield code="a">شروح التلخيص :</subfield>
    <subfield code="b">وهي مختصر العلامة سعد الدين التفتازاني على تلخيص المفتاح للخطيب القزويني، ومواهب الفتاح في شرح تلخيص المفتاح لإبن يعقوب المغربي، وعروس الأفراح في شرح تلخيص المفتاح لبهاء الدين السبكي. وقد وضع بالهامش كتاب الإيضاح / لمؤلف التلخيص جعله كالشرح له. وحاشية الدسوقي على شرح السعد.</subfield>
  </datafield>
  <datafield tag="880" ind1="3" ind2="0">
    <subfield code="6">246-03/(3/r</subfield>
    <subfield code="a">كتاب الإيضاح</subfield>
  </datafield>
  <datafield tag="880" ind1=" " ind2="1">
    <subfield code="6">264-04/(3/r</subfield>
    <subfield code="a">مصر :</subfield>
    <subfield code="b">مطبعة عيسى البابي الحلبي وشركاه،</subfield>
    <subfield code="c">1937.</subfield>
  </datafield>
  <datafield tag="880" ind1=" " ind2=" ">
    <subfield code="6">300-05/(3/r</subfield>
    <subfield code="a">4 أجزاء ؛</subfield>
    <subfield code="c">28 سم</subfield>
  </datafield>
  <datafield tag="880" ind1="1" ind2="2">
    <subfield code="6">700-06/(3/r</subfield>
    <subfield code="a">القزويني، جلال الدين محمد بن عبد الرحمن،</subfield>
    <subfield code="d">1267 او 1268-1338.</subfield>
    <subfield code="t">الإيضاح.</subfield>
  </datafield>
  <datafield tag="880" ind1="1" ind2="2">
    <subfield code="6">700-07/(3/r</subfield>
    <subfield code="a">القزويني، جلال الدين محمد بن عبد الرحمن،</subfield>
    <subfield code="d">1267 او 1268-1338.</subfield>
    <subfield code="t">تلخيص المفتاح.</subfield>
  </datafield>
  <datafield tag="880" ind1="0" ind2="2">
    <subfield code="6">700-08/(3/r</subfield>
    <subfield code="a">ابن يعقوب المغربي،</subfield>
    <subfield code="d">-1716.</subfield>
    <subfield code="t">مواهب الفتاح في شرح تلخيص المفتاح.</subfield>
  </datafield>
  <datafield tag="880" ind1="0" ind2="2">
    <subfield code="6">700-09/(3/r</subfield>
    <subfield code="a">بهاء الدين السبكي،</subfield>
    <subfield code="d">1319-</subfield>
    <subfield code="t">عروس الأفراح في شرح تلخيص المفتاح.</subfield>
  </datafield>
  <datafield tag="880" ind1="1" ind2="2">
    <subfield code="6">700-10/(3/r</subfield>
    <subfield code="a">الدسوقي، محمد بن احمد بن عرفة،</subfield>
    <subfield code="d">-1815.</subfield>
    <subfield code="t">حاشية.</subfield>
  </datafield>
  <datafield tag="907" ind1=" " ind2=" ">
    <subfield code="a">.b12519777</subfield>
    <subfield code="b">18-11-07</subfield>
    <subfield code="c">11-05-24</subfield>
  </datafield>
  <datafield tag="907" ind1=" " ind2=" ">
    <subfield code="a">.b12519777</subfield>
    <subfield code="b">15-10-15</subfield>
    <subfield code="c">11-05-24</subfield>
  </datafield>
  <datafield tag="945" ind1=" " ind2=" ">
    <subfield code="f">J</subfield>
    <subfield code="a">808:T12sA:v.1:c.1</subfield>
    <subfield code="i">01031568</subfield>
    <subfield code="j">.i13018425</subfield>
    <subfield code="l">u0503</subfield>
  </datafield>
  <datafield tag="945" ind1=" " ind2=" ">
    <subfield code="f">J</subfield>
    <subfield code="a">808:T12sA:v.2:c.1</subfield>
    <subfield code="i">01031569</subfield>
    <subfield code="j">.i13018437</subfield>
    <subfield code="l">u0503</subfield>
  </datafield>
  <datafield tag="945" ind1=" " ind2=" ">
    <subfield code="f">J</subfield>
    <subfield code="a">808:T12sA:v.3:c.1</subfield>
    <subfield code="i">01031570</subfield>
    <subfield code="j">.i13018449</subfield>
    <subfield code="l">u0503</subfield>
  </datafield>
  <datafield tag="945" ind1=" " ind2=" ">
    <subfield code="f">J</subfield>
    <subfield code="a">808:T12sA:v.4:c.1</subfield>
    <subfield code="i">01031572</subfield>
    <subfield code="j">.i13018450</subfield>
    <subfield code="l">u0503</subfield>
  </datafield>
  <datafield tag="998" ind1=" " ind2=" ">
    <subfield code="a">u05</subfield>
    <subfield code="b">97-07-15</subfield>
    <subfield code="c">m</subfield>
    <subfield code="d">a  </subfield>
    <subfield code="e">-</subfield>
    <subfield code="f">ara</subfield>
    <subfield code="g">ua </subfield>
    <subfield code="h">0</subfield>
    <subfield code="i">4</subfield>
  </datafield>
</record>
</collection>
